@article{fernandez1988crisis,
  title={Crisis en los fundamentos de la matem{\'a}tica},
  author={Fern{\'a}ndez, Alejandro Ortiz},
  journal={Pro Mathematica},
  volume={2},
  number={3},
  pages={31--47},
  year={1988}
}